@book{Castro02ArtificialImmune,
	title={Artificial Immune Systems: A New Computational Intelligence Approach}, 
	journal={System},
	publisher={Springer},
	author={De Castro, Leandro N and Timmis, Jonathan},
	editor={De Castro, Leandro N and Timmis, Jonathan},
	year={2002},
	pages={380}
	}

@article{Zheng10ASurveyof,
 author = {Zheng, Jieqiong and Chen, Yunfang and Zhang, Wei},
 title = {A Survey of artificial immune applications},
 journal = {Artificial Intelligence Review},
 issue_date = {June      2010},
 volume = {34},
 number = {1},
 month = jun,
 year = {2010},
 issn = {0269-2821},
 pages = {19--34},
 numpages = {16},
 url = {http://dx.doi.org/10.1007/s10462-010-9159-9},
 doi = {10.1007/s10462-010-9159-9},
 publisher = {Kluwer Academic Publishers},
 address = {Norwell, MA, USA},
 keywords = {Artificial immune system, Immune algorithms, Immune applications},
}

@article{Timmis08TheoreticalAdvances,
 author = {Timmis, J. and Hone, A. and Stibor, T. and Clark, E.},
 title = {Theoretical advances in artificial immune systems},
 journal = {Theoretical Computer Science},
 issue_date = {August, 2008},
 volume = {403},
 number = {1},
 month = aug,
 year = {2008},
 issn = {0304-3975},
 pages = {11--32},
 numpages = {22},
 url = {http://dx.doi.org/10.1016/j.tcs.2008.02.011},
 doi = {10.1016/j.tcs.2008.02.011},
 publisher = {Elsevier Science Publishers Ltd.},
 address = {Essex, UK},
 keywords = {Artificial immune systems, Clonal selection, Immune networks, Markov chains, Negative selection, k-CNF satisfiability},
}

@article{Timmis07Artificialimmune,
 author = {Timmis, Jon},
 title = {Artificial immune systems---today and tomorrow},
 journal = {Natural Computing},
 issue_date = {March 2007},
 volume = {6},
 number = {1},
 month = mar,
 year = {2007},
 issn = {1567-7818},
 pages = {1--18},
 numpages = {18},
 url = {http://dx.doi.org/10.1007/s11047-006-9029-1},
 doi = {10.1007/s11047-006-9029-1},
 publisher = {Kluwer Academic Publishers},
 address = {Hingham, MA, USA},
 keywords = {Artificial immune system, Future directions, Position paper},
} 

@article{Hofmeyr00Architecturefor,
 author = {Hofmeyr, Steven A. and Forrest, Stephanie A.},
 title = {Architecture for an Artificial Immune System},
 journal = {Evolutionary Computation},
 issue_date = {December 2000},
 volume = {8},
 number = {4},
 month = dec,
 year = {2000},
 issn = {1063-6560},
 pages = {443--473},
 numpages = {31},
 url = {http://dx.doi.org/10.1162/106365600568257},
 doi = {10.1162/106365600568257},
 publisher = {MIT Press},
 address = {Cambridge, MA, USA},
} 

@book{Burnet59Theclonalselection,
    author = {Burnet, F. M.},
    keywords = {history, immune, model, theory},
    posted-at = {2009-09-02 19:16:04},
    priority = {2},
    publisher = {Vanderbilt University Press},
    title = {The clonal selection theory of acquired immunity},
    year = {1959}
}

@inproceedings{deCastro00TheClonalSelection,
    author = {{de Castro}, Leandro N. and {Von Zuben}, Fernando J.},
    booktitle = {Proceedings of GECCO'00, Workshop on Artificial Immune Systems and Their Applications},
    month = jul,
    posted-at = {2010-07-15 14:07:15},
    priority = {0},
    title = {The Clonal Selection Algorithm with Engineering Applications},
    year = {2000}
}

@article{deCastro02Learningand,
 author = {de Castro, L. N. and Von Zuben, F. J.},
 title = {Learning and optimization using the clonal selection principle},
 journal = {IEEE Transactions on Evolutionary Computation},
 issue_date = {June 2002},
 volume = {6},
 number = {3},
 month = jun,
 year = {2002},
 issn = {1089-778X},
 pages = {239--251},
 numpages = {13},
 url = {http://dx.doi.org/10.1109/TEVC.2002.1011539},
 doi = {10.1109/TEVC.2002.1011539},
 publisher = {IEEE Press},
 address = {Piscataway, NJ, USA},
}

@inproceedings{Cutello06exploring,
  author    = {Vincenzo Cutello and
               Giuseppe Nicosia and
               Mario Pavone},
  title     = {Exploring the Capability of Immune Algorithms: A Characterization of Hypermutation Operators},
  booktitle = {Proceedings of the 2004 International Conferences on Artificial Immune Systems},
  sere  = {ICARIS '04},
  year      = {2004},
  pages     = {263-276},
  doi        = {http://dx.doi.org/10.1007/978-3-540-30220-9_22},
}

@article{Hart08Applicationareas,
  author    = {Emma Hart and
               Jon Timmis},
  title     = {Application areas of AIS: The past, the present and the
               future},
  journal   = {Applied Soft Computing},
  volume    = {8},
  number    = {1},
  year      = {2008},
  pages     = {191-201},
  ee        = {http://dx.doi.org/10.1016/j.asoc.2006.12.004},
}

@inproceedings{Garrett04Parameter-free,
    author = {Garrett, Simon M.},
    booktitle = {Congress on Evolutionary Computing (CEC 2004)},
    publisher = {IEEE Press},
    title = {Parameter-free, adaptive clonal selection},
    url = {http://ieeexplore.ieee.org/xpl/abs\_free.jsp?arNumber=1330978},
    volume = {1},
    year = {2004}
}

@article{Engin04Anewapproach,
 author = {Engin, Orhan and D\"{o}yen, Alper},
 title = {A new approach to solve hybrid flow shop scheduling problems by artificial immune system},
 journal = {Future Generarion Computing System},
 issue_date = {August 2004},
 volume = {20},
 number = {6},
 month = aug,
 year = {2004},
 issn = {0167-739X},
 pages = {1083--1095},
 numpages = {13},
 url = {http://dx.doi.org/10.1016/j.future.2004.03.014},
 doi = {10.1016/j.future.2004.03.014},
 publisher = {Elsevier Science Publishers B. V.},
 address = {Amsterdam, The Netherlands, The Netherlands},
 keywords = {artificial immune systems, clonal selection, experimental design, hybrid flow shop scheduling},
} 

@inproceedings{Yang08ImprovedClonal,
  author    = {Jie Yang and
               Maoguo Gong and
               Licheng Jiao and
               Lining Zhang},
  title     = {Improved Clonal Selection Algorithm based on Lamarckian
               local search technique},
  booktitle = {IEEE Congress on Evolutionary Computation},
  year      = {2008},
  pages     = {535-541},
  doi        = {http://dx.doi.org/10.1109/CEC.2008.4630848},
}

@article{Gong10LamarckianLearning,
  author    = {Maoguo Gong and
               Licheng Jiao and
               Jie Yang and
               Fang Liu},
  title     = {Lamarckian Learning in Clonal Selection Algorithm for Numerical
               Optimization},
  journal   = {International Journal on Artificial Intelligence Tools},
  volume    = {19},
  number    = {1},
  year      = {2010},
  pages     = {19-37},
  doi        = {http://dx.doi.org/10.1142/S0218213010000029},
}

@article{Gong10Baldwinianlearning,
 author = {Gong, Maoguo and Jiao, Licheng and Zhang, Lining},
 title = {Baldwinian learning in clonal selection algorithm for optimization},
 journal = {Information Science},
 issue_date = {April, 2010},
 volume = {180},
 number = {8},
 month = apr,
 year = {2010},
 issn = {0020-0255},
 pages = {1218--1236},
 numpages = {19},
 url = {http://dx.doi.org/10.1016/j.ins.2009.12.007},
 doi = {10.1016/j.ins.2009.12.007},
 publisher = {Elsevier Science Inc.},
 address = {New York, NY, USA},
 keywords = {Artificial immune systems, Baldwin effect, Clonal selection, Evolutionary algorithms, Optimization},
} 

@article{Khilwani08Fastclonal,
 author = {Khilwani, Nitesh and Prakash, Anoop and Shankar, Ravi and Tiwari, M. K.},
 title = {Fast clonal algorithm},
 journal = {Engineering Applications of Artificial Intelligence},
 issue_date = {February, 2008},
 volume = {21},
 number = {1},
 month = feb,
 year = {2008},
 issn = {0952-1976},
 pages = {106--128},
 numpages = {23},
 url = {http://dx.doi.org/10.1016/j.engappai.2007.01.004},
 doi = {10.1016/j.engappai.2007.01.004},
 publisher = {Pergamon Press, Inc.},
 address = {Tarrytown, NY, USA},
 keywords = {Cauchy mutation, Chaotic generator, Clonal algorithm, Gaussian mutation, Machine-loading problem},
}

@ARTICLE{Yao99fep,
    author = {Xin Yao and Yong Liu and and Guangming Lin},
    title = {Evolutionary Programming Made Faster},
    journal = {IEEE Transactions on Evolutionary Computation},
    year = {1999},
    volume = {3},
    pages = {82--102},
}

@inproceedings{Cruz-Cortes05HandlingConstraints,
 author = {Cruz-Cort{\'e}s, Nareli and Trejo-P{\'e}rez, Daniel and Coello, Carlos A. Coello},
 title = {Handling constraints in global optimization using an artificial immune system},
 booktitle = {Proceedings of the 4th international conference on Artificial Immune Systems},
 series = {ICARIS'05},
 year = {2005},
 isbn = {3-540-28175-4, 978-3-540-28175-7},
 location = {Banff, Alberta, Canada},
 pages = {234--247},
 numpages = {14},
 url = {http://dx.doi.org/10.1007/11536444_18},
 doi = {10.1007/11536444_18},
 publisher = {Springer-Verlag},
 address = {Berlin, Heidelberg},
}

@ARTICLE{Campelo05Aclonalselection,
	author={Campelo, F. and Guimaraes, F.G. and Igarashi, H. and Ramirez, J.A.},
	journal={IEEE Transactions on Magnetics},
	title={A clonal selection algorithm for optimization in electromagnetics},
	year={2005},
	month={may},
	volume={41},
	number={5},
	pages={ 1736 - 1739},
	keywords={ artificial immune systems; electromagnetic design optimization; genetic algorithm; mutation range; optimal solution; real electromagnetic problem; real-coded clonal selection algorithm; electromagnetic devices; optimisation;},
	doi={10.1109/TMAG.2005.846043},
	ISSN={0018-9464},
}

@INPROCEEDINGS{Acan04ClonalSelection,
	author={Acan, Adnan},
	booktitle={Evolutionary Computation, 2004. CEC2004. Congress on},
	title={Clonal selection algorithm with operator multiplicity},
	year={2004},
	month={june},
	volume={2},
	number={},
	pages={ 1909 - 1915 Vol.2},
	keywords={ artificial immune system; clonal selection algorithm; fitness values; frequency assignment problem; multiple hypermutation operators; mutation operators; operator multiplicity; optimization problem; evolutionary computation; learning (artificial intelligence); mathematical operators; optimisation;},
	doi={10.1109/CEC.2004.1331129},
}

@article{Panigrahi2007Aclonalalgorithm,
	title = {A clonal algorithm to solve economic load dispatch},
	journal = {Electric Power Systems Research},
	volume = {77},
	number = {10},
	pages = {1381 - 1389},
	year = {2007},
	issn = {0378-7796},
	doi = {10.1016/j.epsr.2006.10.007},
	author = {B.K. Panigrahi and Salik R. Yadav and Shubham Agrawal and M.K. Tiwari},
	keywords = {Artificial immune system, Clonal selection algorithm, Prohibited operating zones, Ramp rate}
}

@inproceedings{Lu09AnImprovedClonal,
 author = {Lu, Hong and Yang, Jing},
 title = {An Improved Clonal Selection Algorithm for Job Shop Scheduling},
 booktitle = {Proceedings of the 2009 International Symposium on Intelligent Ubiquitous Computing and Education},
 series = {IUCE '09},
 year = {2009},
 isbn = {978-0-7695-3619-4},
 pages = {34--37},
 numpages = {4},
 url = {http://dx.doi.org/10.1109/IUCE.2009.26},
 doi = {10.1109/IUCE.2009.26},
 publisher = {IEEE Computer Society},
 address = {Washington, DC, USA},
 keywords = {artificial immune systems, clonal selection algorithm, job shop scheduling problem},
}

@INPROCEEDINGS{Ma09Animproved,
	author={Jia Ma and Liqun Gao and Gang Shi},
	booktitle={Automation and Logistics, 2009. ICAL '09. IEEE International Conference on},
	title={An improved immune clonal selection algorithm and its applications for VRP},
	year={2009},
	month={aug.},
	volume={},
	number={},
	pages={2097 -2100},
	keywords={NP problem;VRP problem;afinity maturation;antibody maturation;clonal proliferation;clonal selection operators;cloning operator;convergence velocity;global convergence reliability;global convergence speed;immune clonal selection algorithm;super mutation operators;vehicle routing problem;artificial immune systems;convergence;genetic algorithms;transportation;vehicles;},
	doi={10.1109/ICAL.2009.5262615},
	ISSN={},
}

@article{Tiwari05Determinationof,
    author = {Tiwari, M. and Prakash and Kumar, A. and Mileham, A.},
    doi = {10.1243/095440505X8028},
    issn = {0954-4054},
    journal = {Proceedings of the I MECH E Part B Journal of Engineering Manufacture},
    number = {1},
    pages = {137+},
    posted-at = {2005-01-12 19:18:01},
    publisher = {Professional Engineering Publishing},
    title = {Determination of an optimal assembly sequence using the psychoclonal algorithm},
    url = {http://dx.doi.org/10.1243/095440505X8028},
    volume = {219}
}